@article{example,
    author = {Author, A. and Coauthor, B.},
    title = {Example Title},
    journal = {Journal of High-Performance Computing},
    volume = {1},
    number = {1},
    pages = {1--20},
    year = {2023},
}
